% summerSHG - short report Bib


%%%%%%%%%%%%%%%%%%%%%%%%%%%%%%%%%%%%%%%%%%

@article{TL:1999,
  author = {D. A. Shaddock and M. B. Gray and D. E. McClelland},
  journal = {Opt. Lett.},
  keywords = {Fabry-Perot; Interferometry; Optoelectronics; Laser beams; Laser crystals; Nd:YAG lasers; Phase measurement; Phase modulation; Phase shift},
  number = {21},
  pages = {1499--1501},
  publisher = {OSA},
  title = {Frequency locking a laser to an optical cavity by use of spatial mode interference},
  volume = {24},
  month = {Nov},
  year = {1999},
  url = {http://ol.osa.org/abstract.cfm?URI=ol-24-21-1499},
  doi = {10.1364/OL.24.001499},
  note = {reading: entirety}
}

@article{Ward:2010,
  author = {Ward, Robert Lawrence},
  journal = {Dissertation (Ph.D.) - California Institute of Technology},
  title = {Length Sensing and Control of a Prototype Advanced Interferometric Gravitational Wave Detector},
  year = {2010},
  doi = {10.7907/20SX-2935},
  note = {reading: Appendix E}
}

@article{Bechhoefer:2005,
  title = {Feedback for physicists: A tutorial essay on control},
  author = {Bechhoefer, John},
  journal = {Rev. Mod. Phys.},
  volume = {77},
  issue = {3},
  pages = {783--836},
  numpages = {0},
  year = {2005},
  month = {Aug},
  publisher = {American Physical Society},
  doi = {10.1103/RevModPhys.77.783},
  url = {https://link.aps.org/doi/10.1103/RevModPhys.77.783},
  note = {reading: Sections 3 and 4}
}

@book{FCS:2000,
  title={Feedback Control Systems: A Fast-Track Guide for Scientists and Engineers},
  author={A. Abramovici and J. Chapsky},
  year={2000},
  publisher={Kluwer Academic Publishers},
  note={reading: Chapters 1--7}
} 


%%%%%%%%%%%%%%%%%%%%%%%%%%%%%%%%%%%%%%%%%%

@misc{finesse,
  author       = {Brown, Daniel David and
                  Freise, Andreas},
  title        = {Finesse},
  month        = may,
  year         = 2014,
  note         = {{The software and source code is available at 
                   \url{http://www.gwoptics.org/finesse}.}},
  doi          = {10.5281/zenodo.821363},
  url          = {http://www.gwoptics.org/finesse}
}
